
%
%  $Description: Sample bibliography$ 
% 
%  $Author: Anderson Briglia $ 
%  $Date: 2007/10/06 15:19:53 $
%  $Revision: 1.3 $
%

@book{love05kerneldevel,
 title          = {Linux Kernel Development},
 edition	= {2nd},
 author         = {Robert Love},
 publisher      = {Novell Press},
 year           = {2005},
 note           = {ISBN 0-672-32720-1}, 
}

@phdthesis{kaplan99compressed,
 title 		= {Compressed Caching and Modern Virtual Memory Simulation},
 author 	= {S. Kaplan},
 school		= {University of Texas at Austin},
 year 		= {1999},
}

@Article{ziv78compression,
  title 	= {Compression of Individual Sequences via Variable-Rate Coding},
  author 	= {Jacob Ziv and Abraham Lempel},
  journal 	= {IEEE Transactions on Information Theory},
  volume 	= {24},
  number 	= {5},
  pages 	= {530-536},
  year 		= {1978},
}

@misc{obe05lzo,
  author 	= {Markus Franz Xaver Johannes Oberhumer},
  url 		= {http://www.oberhumer.com/opensource/lzo/lzodoc.php},
  year 		= {2005}
}

@misc{xauto07,
  author	= {Steve Slaven},
  url		= {http://hoopajoo.net/projects/xautomation.html},
  year		= {2006},
}

@misc{memtest06,
  author	= {Juan Quintela},
  url		= {http://carpanta.dc.fi.udc.es/~quintela/memtest/},
  year		= {2006},
}

@misc{llcbench07,
  author	= {Philip J. Mucci, Kevin London, John Thurman},
  url		= {http://icl.cs.utk.edu/projects/llcbench/index.html},
  year		= {2007},
}

@misc{linuxomap07,
  author	= {Linux-omap mailing list},
  url		= {http://linux.omap.com/mailman/listinfo/linux-omap-open-source},
  year		= {2007},
}

@misc{linuxinet07,
  author	= {linux.inet.hr},
  url		= {http://linux.inet.hr/proc_sys_vm_hierarchy.html},
  year		= {2007},
}

@Article{castro03,
 author 	= {Rodrigo Souza de Castro},
 title 		= {Cache comprimido adaptativo: projeto, estudo e implementa\'{c}\~{a}o},
 year		= {2003},
 school		= {Universidade de S\~{a}o Paulo}
}

@misc{irina05,
 author		= {Irina Chihaia Tuduce and Thomas Gross},
 title		= {Adaptive Main Memory Compression},
 year		= {2005},
 url		= {http://www.lst.inf.ethz.ch/research/publications/publications/USENIX\_2005/USENIX\_2005.pdf},
}

@misc{douglis93,
 author		= {Douglis F.},
 title		= {The Compression Cache: Using On-line Compression to Extend Physical Memory},
 year		= {1993},
 url		= {http://www.lst.inf.ethz.ch/research/publications/publications/USENIX\_2005/USENIX\_2005.pdf},
}

@misc{crames05,
 author		= {Lei Yang and Robert P. Dick and Haris Lekatsas and Srimat Chakradhar},
 title		= {CRAMES: Compressed RAM for Embedded Systems},
 year		= {2005},
 url		= {http://ziyang.eecs.northwestern.edu/~dickrp/publications/yang05sep.pdf},
}

@misc{ldev07,
  author	= {LinuxDevices.com},
  url		= {http://www.linuxdevices.com/Articles/AT9561669149.html},
  year		= {2007},
}

@misc{ccache06,
 author		= {Nitin Gupta},
 title		= {Compressed Caching for Linux project's site},
 url		= {http://linuxcompressed.sourceforge.net/},
 year		= {2006},
}

@misc{swapcc99,
 author		= {R. Cervera, T. Cortes and Y. Becerra},
 title		= {Improving Application Performance through Swap Compression},
 url		= {http://www.usenix.org/events/usenix99/full_papers/cervera/cervera.pdf},
 year		= {1999},
}

@misc{tiomap2420,
 author		= {Texas Instruments},
 note		= {\url{http://focus.ti.com/general/docs/wtbu/wtbuproductcontent.tsp?contentId=4671&navigationId=11990&templateId=6123}},
 year		= {2006},
}

@misc{briglia07,
 author		= {Anderson F. Briglia and Allan Bezerra and Nitin Gupta and Leonid Moiseichuk},
 title		= {Evaluating effects of cache memory compression on embedded systems},
 year		= {2007},
 note		= {http://linuxsymposium.org/2007},
}

@misc{tuduce05,
 author		= {Tuduce and Gross},
 title		= {Adaptative Main Memory Compression},
 year		= {2005},
 note		= {USENIX 2005},
}

@misc{wilson99,
 author		= {P. R. Wilson and S. F. Kaplan and Y. Smaragdakis.},
 title		= {The case for compressed caching in virtual memory systems.},
 year		= {1999},
 note		= {USENIX 1999},
}

@Article{li91,
 author		= {A. W. Appel and K. Li.},
 title		= {Virtual Memory Primitives for User Programs.},
 year		= {1991},
 note		= {Fourth International Conference on Architectural Support for Programming Languages and Operating Systems},
}

@Book{Rubini:01,
author = {Alessandro Rubini and Jonathan Corbet},
title = {Linux Device Drivers},
publisher = {O'Reilly Associates},
year = {2001},
edition = {2nd}
}

@Book{Code:01,
author = {CodeSourcery LLC and Mark L. Mitchell and Alex Samuel and Jeffrey Oldham and Jeffery Oldham},
title = {Advanced Linux Programming},
publisher = {Sams},
year = {2001},
edition = {1st}
}

@Misc{Brouwer:03,
author = {Andries Brouwer},
title = {The Linux kernel},
howpublished = {http://www.win.tue.nl/\~{}aeb/linux/lk/lk-9.html},
year = {2003}
}

@Misc{Mlin:06,
author = {Maur\'{i}cio Tia Ni Gong Lin},
title = {Metodologia para Classificac\~{a}o de Padr\~{o}es de Consumo de Mem\'{o}ria no Linux baseado em Mapas Auto-organiz\'{a}veis},
howpublished = {Dissertac\~{a}o de Mestrado. Departamento de Ci\^{e}ncia da Computac\~{a}o - UFAM},
year = {2006}
}

@Book{Silber:04,
author = {Abraham Silberschatz and Peter Baer Galvin and Greg Gagne},
title = {Operating System Concepts},
publisher = {John Wiley},
year = {2004},
edition = {7th}
}

@Book{Tanen:04,
author = {Andrew Tanenbaum},
title = {Modern Operating Systems (2nd Edition)},
publisher = {Prentice Hall},
year = {2001},
edition = {2nd}
}

@Misc{Kernel:04,
author = {Kernel Community},
title = {Kernel source tree: Documentation/vm/overcommit-accounting},
howpublished = {ftp://ftp.kernel.org/pub/linux/kernel/v2.6/linux-2.6.10.tar.bz2},
year = {2004}
}

@Book{Love:04,
author = {Robert Love},
title = {Linux Kernel Development},
publisher = {Sams Publishing},
year = {2004},
edition = {1st}
}

@Misc{Gorman:04,
author = {Mel Gorman},
title = {Understanding The Linux Virtual Memory Manager},
howpublished = {http://www.csn.ul.ie/\~{}mel/projects/vm/guide/html/understand/node84.html},
year = {2004}
}

@Misc{Singh:04,
author = {Dr. Inder M. Singh},
title = {Embedded Linux: The 2.6 kernel is ideal for specialized devices of all sizes},
howpublished = {http://www.linux-mag.com/2004-08/embedded\_01.html},
year = {2004}
}

@Misc{Brandon:04,
author = {Brandon White},
title = {Linux 2.6: A Breakthrough for Embedded Systems},
howpublished = {http://www.linuxdevices.com/articles/AT7751365763.html},
year = {2003}
}

@Misc{LKML:05,
title = {Linux Kernel Mailing List},
howpublished = {http://lkml.org/lkml/2005/1/28/99},
year = {2005}
}

@Misc{Jean:00,
author = {Jean-Philippe Rennard},
title = {Introduction to Genetic Algorithms},
howpublished = {http://www.rennard.org/alife/english/gavintrgb.html},
year = {2000}
}

@Misc{Ldtp:05,
author = {GNU Free Documentation License 1.2},
title = {GNU / Linux Desktop Testing Project},
howpublished = {http://gnomebangalore.org/ldtp/index.php/Main\_Page},
year = {2005}
}

@Book{Haykin:99,
author = {Simon Haykin},
title = {Redes Neurais - Princ\'{i}pios e pr\'{a}tica},
publisher = {Bookman},
year = {1999},
edition = {2nd}
}

@Misc{Germano:99,
author = {Tom Germano},
title = {Self Organizing Maps},
howpublished = {http://davis.wpi.edu/\~{}matt/courses/soms/},
year = {1999}
}

@Misc{Alecrim:07,
author = {Francisco Alecrim},
title = {An\'{a}lise de Padr\~{o}es de Consumo de Mem\'{o}ria no Linux baseado em Mapas Auto-organiz\'{a}veis},
howpublished = {Monografia. Departamento de Ci\^{e}ncia da Computac\~{a}o - UFAM},
year = {2007}
}

@Misc{Junkie,
author = {Ai-Junkie},
title = {Kohonen's Self Organizing Feature Maps},
howpublished = {http://www.ai-junkie.com/ann/som/som1.html}
}

@Phdthesis{Honkela:98,
author = {Timo Honkela},
title = {Self-Organizing Maps in Natural Language Processing},
school={Helsinki University of Technology - Neural Networks Research Centre },
year={1997},
address={P.O. Box 2200 FIN-02015 HUT, FINLAND },
note = {http://www.mlab.uiah.fi/\~{}timo/som/thesis-som.html}
}

@Book{Hertz:91,
author = {John Hertz and Anders Krogh and Richard G. Palmer},
title = {Introduction to The Theory of Neural Computation},
publisher = {Addison-Wesley},
year = {1991}
}

@Misc{Borgelt:00,
author = {Christian Borgelt},
title = {Self-Organizing Map Training Visualization},
note = {School of Computer Science - Otto-von-Guericke-University of Magdeburg},
howpublished = {http://fuzzy.cs.uni-magdeburg.de/\~{}borgelt/doc/somd/},
year = {2000}
}

@Inproceedings{Laak:05,
author = {Jorma Laaksonen and Ville Viitaniemi and Markus Koskela},
title = {Application of Self-Organizing Maps and automatic image segmentation to 101 object categories database},
booktitle = {Proceedings of Fourth International Workshop on Content-Based Multimedia Indexing},
year = {2005}
}

@Inproceedings{Yang:05,
author = {Zhirong Yang and Jorma Laaksonen},
title = {Interactive retrieval in facial image database using Self-Organizing Maps},
booktitle = {Proceedings of IAPR Conference on Machine Vision Applications},
year = {2005}
}

@Unpublished{Poin:97,
author = {P. Poin√ßot and S. Lesteven and F. Murtagh},
title = {A spatial user interface to the astronomical literature},
year = {1997}
}

@Misc{Tekno:05,
author = {Kardi Teknomo},
title = {Similarity Measurement},
howpublished = {http://people.revoledu.com/kardi/tutorial/ similarity/},
year = {2005}
}

@Misc{Alecrim:04,
author = {Emerson Alecrim},
title = {Redes Neurais Artificiais},
howpublished = {http://www.infowester.com/redesneurais.php},
year = {2004}
}

@Techreport{Christos,
author = {Christos Stergiou and Dimitrios Siganos},
title = {Neural Networks},
institution = {Department of Computing - Imperial College London},
note = {http://www.doc.ic.ac.uk/\~{}nd/surprise\_96/journal/vol4/cs11/report.html}
}

@Manual{Smith,
author = {Leslie Smith},
title = {An Introduction to Neural Networks},
organization = {Department of Computing and Mathematics - University of Stirling},
note = {http://www.cs.stir.ac.uk/\~{}lss/NNIntro/InvSlides.html}
}

@Manual{Tatibana,
author = {Cassia Yuri Tatibana and Deisi Yuki Kaetsu},
title = {Uma Introduc\~{a}o \`{a}s Redes Neurais},
organization = {Departamento de Inform\'{a}tica - Universidade Estadual de Maring\'{a}},
note = {http://www.din.uem.br/ia/neurais/}
}

@Techreport{McNeil:92,
author = {Dave Anderson and George McNeil},
title = {Artificial Neural Networks Technology},
institution = {Data \& Analysis Center for Software},
note = {http://www.dacs.dtic.mil/techs/neural/neural3.html},
year = {1992}
}

@Misc{GTK,
author = {Tony Gale and Ian Main and the GTK team},
title = {GTK+ 2.0 Tutorial},
howpublished = {http://www.gtk.org/tutorial/}
}

@Article{MLin:05,
author = {Mauricio Lin and Ville Medeiros and Raoni Novellino and Ilias Biris and Edjard Mota},
title = {Memory Management Approach for Swapless Embedded Systems},
journal = {Linux Journal},
year = {2005},
month = {December},
pages = {36-43}
}

@Techreport{edmota:05,
author = {Edjard Mota and Mauricio Lin},
title = {Classes of Memory Allocation},
institution = {Instituto Nokia de Tecnologia - INdT},
year = {2005}
}

@Misc{LKAr:04,
title = {Linux-Kernel Archive: [PATCH] oom killer (Core)},
howpublished = {http://www.ussg.iu.edu/hypermail/linux/ kernel/0412.0/0039.html},
year = {2004}
}

@Misc{LKAr:98,
title = {Linux-Kernel Archive: [PATCH] OOM killer},
howpublished = {http://www.ussg.iu.edu/hypermail/linux/kernel/ 9808.2/0053.html},
year = {1998}
}